<?xml version="1.0" encoding="UTF-8"?><collection xmlns="http://www.loc.gov/MARC21/slim"><record><leader>00867nam--2200205-i-4500</leader><controlfield tag="001">000012846</controlfield><controlfield tag="002">20161230</controlfield><controlfield tag="005">20161230201030</controlfield><controlfield tag="008">060222s1000------------r-----000-0-eng-d</controlfield><datafield ind1=" " ind2=" " tag="020"><subfield code="a">0387052216</subfield></datafield><datafield ind1=" " ind2=" " tag="040"><subfield code="a">IFIN-HH</subfield></datafield><datafield ind1=" " ind2=" " tag="080"><subfield code="a">539.19:539.143.43</subfield></datafield><datafield ind1="1" ind2=" " tag="100"><subfield code="a">Diehl, P</subfield></datafield><datafield ind1="1" ind2="0" tag="245"><subfield code="a">Nmr. basic principles and progress. grundlagen und fortschritte</subfield><subfield code="b">Volume 4 natural and synthetic high polymers ; held in the institut fur physikalische chemie, april 13-17, 1970 as part of the 100th anniverasry celebrations of the rheinisch-westfaliche technische hochschule aachen, western germany</subfield><subfield code="c">P. diehl, e. fluck, r. kosfeld(eds.)</subfield></datafield><datafield ind1=" " ind2=" " tag="260"><subfield code="a">Berlin,, 1969</subfield><subfield code="b">Springer-verlag</subfield><subfield code="c">1971</subfield></datafield><datafield ind1=" " ind2=" " tag="300"><subfield code="a">309P</subfield></datafield><datafield ind1=" " ind2=" " tag="490"><subfield code="a">Lectures Presented At The Seventh Colloqium On Nmr Spectroscopy</subfield></datafield><datafield ind1="1" ind2=" " tag="700"><subfield code="a">Kosfeld, R</subfield><subfield code="e">Ed</subfield></datafield><datafield ind1=" " ind2=" " tag="852"><subfield code="a">33194</subfield><subfield code="c">53.143.43</subfield></datafield><datafield ind1=" " ind2=" " tag="CAT"><subfield code="a">Sys</subfield><subfield code="c">20120507</subfield><subfield code="h">102430</subfield></datafield></record></collection>